@misc{engelberg,
  author = {Stephen Engelberg},
  title = {{Embassy security: Story of failure}},
  howpublished = {\url{http://www.nytimes.com/1987/04/19/world/embassy-security-story-of-failure.html?pagewanted=all&src=pm}},
  year = {1987},
  note = {Aufrufdatum: 23.09.2014}
}

@misc{keizer,
  author = {Gregg Keizer},
  title = {{Keyloggers Foiled In Attempted \$423 Million Bank Heist}},
  howpublished = {\url{http://www.informationweek.com/keyloggers-foiled-in-attempted-%24423-million-bank-heist/d/d-id/1031143?}},
  year = {2005},
  note = {Aufrufdatum: 23.09.2014}
}

@misc{arduino,
  title = {{Arduino Produkte}},
  howpublished = {\url{http://store.arduino.cc/index.php?main_page=index&cPath=11}},
  note = {Aufrufdatum: 23.09.2014}
}

@misc{bundeskriminalamt,
  author = {Bundeskriminalamt},
  title = {{Cybercrime Bundeslagebild 2012}},
  howpublished = {\url{http://www.bka.de/nn_224082/SharedDocs/Downloads/DE/Publikationen/JahresberichteUndLagebilder/Cybercrime/cybercrimeBundeslagebild2012,templateId=raw,property=publicationFile.pdf/cybercrimeBundeslagebild2012.pdf}},
  year = {2012},
  note = {Aufrufdatum: 23.09.2014}
}

@misc{chen,
  author = {K. Chen},
  title = {{Reversing and exploiting an Apple firmware update}},
  howpublished = {\url{http://www.blackhat.com/presentations/bh-usa-09/CHEN/BHUSA09-Chen-RevAppleFirm-PAPER.pdf}},
  year = {2009},
  note = {Aufrufdatum: 23.09.2014}
}

@misc{holz,
  author = {Thorsten Holz, Markus Engelberth, Felix Freiling},
  title = {{Learning More About the Underground Economy: A Case-Study of Keyloggers and Dropzones}},
  howpublished = {\url{https://ub-madoc.bib.uni-mannheim.de/2160/1/impersonation_attacks_TR.pdf}},
  year = {2008},
  note = {Aufrufdatum: 23.09.2014}
}

@misc{ps2keyboard,
  title = {{PS2Keyboard Library}},
  howpublished = {\url{http://www.pjrc.com/teensy/td_libs_PS2Keyboard.html}},
  note = {Aufrufdatum: 23.09.2014}
}

@misc{mihailowitsch,
  author = {Fabian Mihailowitsch},
  title = {{Detecting Hardware Keyloggers}},
  howpublished = {\url{http://conference.hackinthebox.org/hitbsecconf2010kul/materials/D1T1%20-%20Fabian%20Mihailowitsch%20-%20Detecting%20Hardware%20Keyloggers.pdf}},
  year = {2010},
  note = {Aufrufdatum: 23.09.2014}
}

@misc{mock,
  author = {Bernward Mock},
  title = {{Die PS/2 Tastaturschnittstelle (Übersetzung)}},
  howpublished = {\url{http://www.marjorie.de/ps2/ps2.pdf}},
  year = {2005},
  note = {Aufrufdatum: 23.09.2014}
}

@misc{chapweske,
  author = {Adam Chapweske},
  title = {{The PS/2 Mouse/Keyboard Protocol}},
  howpublished = {\url{http://www.computer-engineering.org/ps2protocol/}},
  year = {2003},
  note = {Aufrufdatum: 23.09.2014}
}

@misc{ps2male,
  title = {{Kabel PS/2 Male}},
  howpublished = {\url{http://www.conrad.de/ce/de/product/601847/}},
  note = {Aufrufdatum: 23.09.2014}
}

@misc{ps2female,
  title = {{Kabel PS/2 Female}},
  howpublished = {\url{http://www.exp-tech.de/Zubehoer/Steckverbinder/PS-2-Wired-Connector-Panel-Mount-MiniDIN-6.html}},
  note = {Aufrufdatum: 23.09.2014}
}

@misc{keelog,
  title = {{Hardware Keylogger Vergleich}},
  howpublished = {\url{http://www.keelog.com/de/keylogger_comparison.html}},
  note = {Aufrufdatum: 23.09.2014}
}

@misc{kirk,
  author = {Jeremy Kirk},
  title = {{Swedish Police Warn of Tampered Credit Card Terminals}},
  howpublished = {\url{http://www.pcworld.com/article/155525/article.html}},
  year = {2008},
  note = {Aufrufdatum: 23.09.2014}
}

@misc{stgb,
  title = {{Strafgesetzbuch \S202a Ausspähen von Daten}},
  howpublished = {\url{http://www.gesetze-im-internet.de/stgb/__202a.html}},
  note = {Aufrufdatum: 23.09.2014}
}

@misc{bildscharbv,
  title = {{Verordnung über Sicherheit und Gesundheitsschutz bei der Arbeit an Bildschirmgeräten (Anhang)}},
  howpublished = {\url{http://www.gesetze-im-internet.de/bildscharbv/anhang_8.html}},
  note = {Aufrufdatum: 23.09.2014}
}

@misc{betrvg,
  title = {{Betriebsverfassungsgesetz \S87 Mitbestimmungsrechte}},
  howpublished = {\url{http://www.gesetze-im-internet.de/betrvg/__87.html}},
  note = {Aufrufdatum: 23.09.2014}
}

@misc{bkag,
  title = {{BKA Gesetz \S20k Verdeckter Eingriff in informationstechnische Systeme}},
  howpublished = {\url{http://www.gesetze-im-internet.de/bkag_1997/__20k.html}},
  note = {Aufrufdatum: 23.09.2014}
}

@misc{stpo,
  title = {{Strafprozessordnung \S100h}},
  howpublished = {\url{http://www.gesetze-im-internet.de/stpo/__100h.html}},
  note = {Aufrufdatum: 23.09.2014}
}

@misc{munich,
  author = {Generalstaatsanwaltschaft München},
  title = {{Leitfaden zum Datenzugriff insbesondere für den Bereich Telekommunikation}},
  howpublished = {\url{http://cryptome.org/isp-spy/munich-spy-all.pdf}},
  year = {2011},
  note = {Aufrufdatum: 23.09.2014}
}

@misc{spd,
  author = {Bundesministerium des Innern},
  title = {{Fragenkatalog der SPD-Bundestagsfraktion}},
  howpublished = {\url{http://netzpolitik.org/wp-upload/fragen-onlinedurchsuchung-SPD.pdf}},
  year = {2007},
  note = {Aufrufdatum: 23.09.2014}
}

@misc{prettyos,
  title = {{PrettyOS Kernel Keyboard}},
  howpublished = {\url{http://sourceforge.net/p/prettyos/code/HEAD/tree/trunk/Source/kernel/keyboard.c}},
  note = {Aufrufdatum: 23.09.2014}
}

@misc{badps2,
  author = {Andreas Fritz},
  title = {{Keys: Implementierung der Bachelorarbeit}},
  howpublished = {\url{https://github.com/s6anfrit/badps2}},
  year = {2014},
  note = {Aufrufdatum: 23.09.2014}
}

@misc{ducky,
  title = {{USB Rubber Ducky}},
  howpublished = {\url{http://hakshop.myshopify.com/collections/usb-rubber-ducky/products/usb-rubber-ducky-deluxe}},
  note = {Aufrufdatum: 23.09.2014}
}

@misc{badusb,
  author = {Karsten Nohl, Sascha Krißler, Jakob Lell},
  title = {{BadUSB}},
  howpublished = {\url{https://srlabs.de/blog/wp-content/uploads/2014/07/SRLabs-BadUSB-BlackHat-v1.pdf}},
  year = {2014},
  note = {Aufrufdatum: 23.09.2014}
}




@misc{keylogger_ps2,
  title = {{Keylogger-hardware-PS2}},
  howpublished = {\url{http://commons.wikimedia.org/wiki/File:Keylogger-hardware-PS2.jpg#mediaviewer/File:Keylogger-hardware-PS2.jpg}},
  note = {Aufrufdatum: 23.09.2014}
}

@misc{keylogger_usb,
  title = {{Keylogger-hardware-USB}},
  howpublished = {\url{http://commons.wikimedia.org/wiki/File:Keylogger-hardware-USB.jpg#mediaviewer/Datei:Keylogger-hardware-USB.jpg}},
  note = {Aufrufdatum: 23.09.2014}
}

@misc{female_pins,
  title = {{MiniDIN-6 Connector Pinout}},
  howpublished = {\url{http://commons.wikimedia.org/wiki/File:MiniDIN-6_Connector_Pinout.svg}},
  note = {Aufrufdatum: 23.09.2014}
}

@misc{scancodes,
  title = {{Scancode-Set 2 Ausschnitt}},
  howpublished = {\url{http://retired.beyondlogic.org/keyboard/scancode.gif}},
  note = {Aufrufdatum: 23.09.2014}
}